3009 5125
1190 329 1250 393 127

85 521 109 587 la
136 524 313 585 eoncession
344 523 468 585 susdite
500 523 556 584 des
588 522 783 606 Erupereurs
818 521 1003 584 Fordinand
1034 525 1187 606 premier,
1221 532 1251 585 et

85 625 268 689 Maximilian
301 625 345 707 II,
380 636 412 688 et
446 625 468 688 il
503 649 543 689 en
574 649 593 690 a
627 628 677 688 ete
709 628 825 688 investi
847 649 911 688 non
942 625 1119 689 seulement
1150 628 1188 690 de
1220 628 1251 691 la

85 729 154 794 Villo
176 732 213 792 de
235 731 355 794 Sienne
379 739 410 793 et
433 731 475 793 du
499 731 640 812 district,
675 729 751 814 qu'il
785 731 872 794 auoit
901 731 960 793 fait
991 730 1184 794 arriere-fief
1211 754 1248 794 811

82 835 179 897 faveur
200 837 239 898 de
264 834 396 910 Cosme‚
429 836 512 897 mais
543 857 659 898 encore
683 836 723 896 de
747 832 779 897 la
802 836 904 919 partic
929 837 969 897 de
992 835 1055 898 Son
1080 837 1249 918 territoire,

82 937 145 1022 qu'il
168 938 270 1002 s'etoit
294 937 351 1023 luy
381 941 485 1001 meme
515 940 674 1001 reserves.
722 939 781 1001 Sos
813 939 1026 1000 descendente
1057 937 1156 1004 males
1187 942 1248 1002 sui-

80 1045 171 1105 virent
185 1054 235 1107 cet
251 1042 410 1128 exempla,
436 1043 550 1106 c’esta
570 1045 650 1125 dire,
675 1065 737 1127 que
764 1042 915 1128 Philippo
931 1043 990 1125 III,
1015 1042 1166 1128 Philipps
1182 1043 1250 1106 IIII

80 1156 105 1208 et
124 1146 251 1211 Charles
267 1148 310 1229 Il,
334 1171 458 1212 comme
487 1148 669 1210 Archiducs
693 1147 882 1211 d'Autriche
907 1158 1073 1211 receurent
1095 1147 1249 1211 l'iuvesti-

78 1261 137 1312 tnre
158 1253 195 1315 de
218 1253 338 1316 Sienne
363 1255 419 1317 des
442 1255 546 1316 mains
569 1254 626 1315 des
649 1252 845 1336 Empereurs
869 1251 1039 1337 Rudolphe
1062 1253 1105 1332 II,
1136 1253 1248 1315 Ferdi-

78 1357 151 1418 nand
172 1357 213 1437 Il,
236 1357 422 1421 Ferdinand
446 1357 498 1420 ΙΙΙ
521 1369 553 1421 et
575 1355 730 1441 Leopold.

167 1461 258 1524 Dans
281 1472 387 1525 tontes
411 1485 465 1524 ees
489 1461 586 1524 letres
609 1460 834 1524 d'invcstiture
864 1460 887 1523 il
918 1471 967 1525 est
998 1462 1044 1523 dit
1068 1484 1107 1525 cn
1130 1470 1254 1531 termes,

77 1569 188 1650 expres,
212 1565 329 1651 qu'clle
365 1587 399 1629 88
434 1567 583 1629 donnoit:
623 1588 681 1651 pro
712 1566 894 1630 Serenitate
929 1566 998 1650 ejus
1033 1588 1071 1628 ac
1106 1566 1181 1650 filijs
1217 1574 1249 1629 ct

76 1669 333 1732 descendentibus
364 1671 434 1755 ejus
465 1668 632 1753 legitimis,
665 1668 778 1731 ordine
811 1669 1085 1753 primogeniturae
1108 1679 1246 1733 servato.

74 1772 117 1835 De
139 1773 206 1859 plus
228 1773 429 1857 l'obligation
453 1773 493 1836 de
524 1797 558 1836 se
590 1774 790 1836 reconnoitrc
815 1775 833 1834 11
856 1783 906 1835 cet
938 1775 1036 1857 egard
1059 1773 1174 1836 Vassal
1207 1775 1247 1836 de

74 1875 227 1963 l'Empire,
262 1888 292 1940 ct
323 1879 363 1941 de
387 1902 427 1940 ne
450 1879 519 1940 rien
544 1876 691 1960 negliger
715 1878 755 1939 de
779 1899 824 1958 ee,
851 1899 912 1961 que
935 1875 966 1939 18
990 1877 1073 1941 droit
1097 1878 1152 1941 des
1176 1878 1247 1940 fiefs

73 1983 157 2065 exige
181 1984 220 2045 de
244 2005 337 2064 ceux,
362 1984 416 2067 qui
440 1992 496 2045 ont
520 1991 603 2045 cette
627 1981 758 2066 qualite,
782 2005 804 2064 y
828 1989 877 2043 est
901 1984 1041 2044 enoncee
1065 1983 1105 2045 de
1127 1982 1159 2044 la
1180 2005 1246 2045 ma-

72 2087 150 2149 111818
172 2086 203 2148 la
225 2086 298 2171 plus
323 2088 535 2171 energicque:
560 2084 715 2148 Volentes
739 2108 778 2147 ac
795 2085 1005 2148 decernentes
1030 2086 1081 2171 (ce
1105 2096 1178 2149 sont
1199 2086 1246 2150 les

72 2211 193 2274 propres
227 2190 354 2275 paroles
386 2193 443 2254 des
473 2189 570 2253 letres
599 2189 838 2274 d’investiture)
862 2188 922 2251 hoc
946 2190 1062 2254 Nostro
1087 2191 1246 2255 Caesareo

72 2291 190 2376 Edicto,
221 2297 309 2379 quod
340 2294 425 2359 idem
451 2295 684 2358 Sercuissimns
707 2295 778 2357 Rex
803 2292 979 2379 Philippus,
1012 2295 1146 2380 ejusque
1170 2295 1245 2378 Filij

71 2419 104 2460 ac
137 2400 368 2462 descendentes
405 2398 540 2483 legitimi
577 2400 753 2461 secundum
798 2400 941 2461 ordinem
976 2399 1246 2483 primogeniturae

71 2500 229 2567 Serenitati
266 2504 348 2589 Ejus
380 2492 569 2567 Sudeessuri
600 2504 779 2587 praemissa
809 2502 880 2566 loca
915 2512 947 2567 et
972 2503 1049 2588 jura
1079 2527 1142 2566 una
1173 2526 1245 2567 cum

70 2608 131 2691 ipso
174 2610 328 2672 Dominio
369 2609 504 2672 Senensi
541 2607 708 2670 infeudato
756 2609 878 2670 ratione
925 2608 1164 2692 Superioritatis
1208 2633 1245 2673 ac

70 2710 211 2776 Feudalis
235 2714 381 2798 obsequij
413 2723 544 2777 teneant
575 2723 606 2775 et
638 2713 825 2797 possideant
851 2714 926 2797 jure
958 2711 1112 2797 simplicis
1143 2714 1244 2794 feudi,
1292 2732 1301 2753 ⁸

69 2837 141 2897 quae
164 2820 260 2881 etiam
285 2818 450 2881 Serenitas
474 2818 553 2902 ejus,
578 2826 610 2878 et
633 2818 711 2879 dicti
736 2816 811 2901 Filij
843 2828 874 2879 et
897 2818 1142 2880 Descendentes
1166 2820 1246 2903 Ejus

68 2918 86 2979 d
114 2921 210 2985 Nobis
247 2932 279 2984 et
310 2923 439 2986 Nostris
469 2923 502 2983 in
533 2921 675 3006 Imperio
698 2921 961 3002 Successoribus,
993 2912 1245 3006 quotiescunque

68 3043 151 3087 casus
170 3026 289 3108 tulerit,
315 3029 345 3088 in
363 3026 494 3089 feudum
518 3049 749 3108 recognoscere
767 3037 946 3089 teneantur.
970 3028 1013 3089 Et
1029 3029 1122 3109 enlin,
1148 3025 1244 3111 qu'on

66 3151 103 3192 ne
123 3134 230 3215 puisse
254 3156 312 3218 pas
336 3134 520 3217 s’imaginer
544 3132 691 3218 qu'aprds
722 3131 754 3194 la
786 3134 1045 3196 subinfeudation
1077 3134 1154 3196 faite
1185 3157 1244 3218 par

68 3232 207 3321 Philipps
223 3238 258 3300 11
280 3261 320 3300 811
336 3238 450 3301 faveur
473 3240 513 3300 de
530 3237 647 3301 Cosme
668 3238 708 3300 de
725 3237 872 3318 Medicis
896 3237 925 3301 le
943 3238 1087 3301 Vicariat
1102 3237 1243 3301 Genera]

66 3338 102 3400 de
122 3328 274 3426 l'Empire
298 3343 344 3404 ait
367 3344 470 3423 cesse,
502 3364 543 3403 (111
566 3365 628 3426 que
651 3341 706 3426 luy
732 3343 847 3406 Cosme
879 3351 911 3405 et
942 3366 992 3406 ses
1016 3344 1243 3407 Descendents

65 3442 156 3506 1118188
178 3447 411 3529 gouverneient
434 3447 552 3509 Sienne
577 3470 616 3508 en
639 3470 702 3509 une
733 3457 824 3509 autre
857 3445 991 3531 qualite,
1024 3446 1117 3531 qu’en
1151 3447 1241 3531 celle,

65 3548 116 3629 qui
150 3559 197 3611 est
235 3552 399 3634 exprimee
434 3553 513 3613 daus
547 3550 579 3613 la
613 3553 772 3636 premiere
810 3553 999 3615 concession
1034 3553 1074 3614 de
1109 3553 1243 3617 Oharles

67 3650 168 3735 Quint,
200 3677 283 3740 pour
306 3656 371 3717 Son
396 3655 446 3718 fils
469 3655 619 3740 Philipps
643 3658 761 3719 Prince
794 3655 991 3740 d'Espaigne
1023 3666 1054 3719 et
1077 3656 1242 3720 Archiduc

65 3754 258 3840 d’Autriche,
290 3759 336 3821 les
360 3760 464 3841 Duce,
497 3784 537 3823 ou
562 3763 691 3825 Grands
715 3763 803 3823 Duos
838 3762 875 3823 de
898 3762 1045 3824 Floreucc
1080 3773 1152 3825 sont
1174 3771 1241 3825 tou-

61 3858 143 3943 jours
177 3867 351 3927 constitues
385 3868 466 3928 dans
499 3865 546 3928 les
580 3866 677 3929 lctros
712 3865 936 3929 d'investiture
971 3867 1143 3929 accordees
1178 3890 1242 3929 aux

65 3964 143 4050 Roys
166 3967 349 4054 d’Espagne
380 3970 519 4034 Vicaires
546 3971 714 4034 (1811818118
737 3972 775 4034 dc
799 3972 966 4054 l’Empirc:
1000 3970 1137 4034 Illustris
1164 3971 1242 4033 Dux

65 4066 237 4137 Florentiae
274 4074 316 4135 sit
350 4082 381 4136 et
414 4097 484 4136 esse
519 4074 636 4137 debeat
669 4077 701 4137 in
737 4077 824 4138 dicta
855 4076 995 4139 Ciuitate
1028 4086 1059 4137 et
1086 4076 1239 4137 Dominio

64 4170 209 4239 Senarum
233 4180 351 4242 Noster
374 4187 407 4240 et
430 4178 519 4242 Sacri
545 4179 679 4264 Imperij
704 4181 841 4243 Romani
864 4180 1022 4262 generalis
1041 4180 1195 4243 Vicarius.

157 4283 204 4345 La
234 4293 319 4345 mort
350 4283 390 4345 de
421 4282 557 4347 Charles
587 4284 713 4347 Second
739 4287 810 4369 Roy
841 4284 1026 4371 d’Espagne
1058 4285 1106 4346 fut
1137 4286 1240 4347 suivie

68 4384 117 4446 des
139 4386 292 4472 disputes,
326 4388 382 4472 qui
405 4386 597 4452 s'eleverent
619 4412 661 4451 au
684 4389 777 4473 Sujet
799 4391 837 4453 de
862 4390 905 4453 Sa
929 4390 1121 4452 Succession
1146 4398 1177 4451 et
1200 4388 1239 4453 de

65 4484 95 4550 la
113 4512 231 4573 guerre,
255 4491 309 4577 qni
334 4513 373 4553 en
398 4493 527 4556 resulta.
566 4493 698 4558 Comme
715 4493 864 4579 Philippo
882 4494 910 4556 V
926 4516 966 4556 ne
990 4494 1111 4556 sauroit
1127 4514 1239 4579 passer

67 4614 138 4677 pour
151 4596 311 4661 Archiduc
334 4597 530 4681 d'Antriche,
555 4600 705 4678 amoins,
729 4598 824 4683 qu’ou
849 4624 889 4662 ne
914 4599 1032 4663 venille
1055 4601 1239 4663 considerer
