3009 5125
251 262 315 351 iae

251 481 393 568 remplir,
419 481 440 543 il
465 481 494 544 le
518 505 645 545 nomme
668 482 748 544 dans
771 480 801 544 le
825 479 965 566 diploma
989 483 1093 544 menae
1117 502 1168 562 ce,
1193 478 1270 565 qu'il
1295 477 1371 541 etoit
1393 501 1425 540 θη

253 588 356 668 effect,
381 588 400 648 a
421 588 547 668 sqavoir
562 585 726 648 Archiduc
743 583 948 647 d’Autriche:
974 583 1233 664 ,Serenissimum
1253 585 1426 668 Principem

165 683 167 688 ’
251 692 437 772 ,Dominum
482 689 665 775 Philippum
710 690 891 774 Principem
943 691 1171 774 Hispaniarum
1218 689 1425 752 Archiducem

251 796 414 876 ,Austriae
447 794 550 858 filium
574 795 725 858 Nostrum
750 794 951 857 carissimum
962 797 981 857 ι(
1016 818 1055 857 en
1084 817 1106 879 y
1136 794 1318 878 adjoutant,
1360 791 1425 878 qu'il

251 900 414 979 nommoit,
446 908 478 961 et
504 898 655 982 ‘deputoit
684 896 714 960 lc
738 898 785 960 dit
808 897 957 983 Philippe
981 908 1012 962 et
1035 900 1129 982 apres
1152 896 1208 983 luy
1231 897 1289 960 Ses
1314 897 1380 959 Fils
1400 904 1425 957 et

252 1002 463 1065 descendente
487 1000 576 1065 selon
600 1001 717 1065 l'ordre
741 1003 780 1064 de
804 1003 1065 1086 primogenitura,
1097 1024 1219 1082 ,verum
1244 1010 1424 1086 perpetuum

251 1115 295 1188 ,et
317 1105 562 1169 irrevocabilem
586 1105 749 1188 Nostrum,
775 1107 929 1190 Sacrique
953 1106 1088 1169 Romani
1113 1105 1245 1190 Imperij
1270 1105 1425 1168 Viearium

250 1209 455 1294 ,Generalem
477 1212 508 1272 in
534 1208 680 1295 praefata
695 1211 836 1274 Ciuitate
859 1233 897 1272 ae
913 1209 1065 1272 Dominio
1082 1209 1238 1272 Seuerum
1260 1232 1334 1272 cum
1350 1209 1425 1271 Aue·

251 1316 390 1397 ,tor-itate
414 1313 532 1377 Dueali
554 1315 796 1399 Principisque:
833 1313 963 1399 Imperij
997 1324 1028 1377 et
1058 1315 1223 1378 Praetorio
1253 1313 1424 1378 Praefecti‘

252 1421 303 1483 De
325 1419 399 1503 plus
416 1419 551 1483 Charles
568 1419 670 1498 Quint
694 1418 833 1482 attribuo
848 1419 867 1480 a
883 1419 947 1481 Son
971 1416 1021 1480 {ils
1044 1418 1076 1481 la
1099 1418 1218 1481 facultd
1242 1417 1281 1481 de
1299 1420 1425 1503 deputer
1449 1426 1452 1430 ’

251 1548 293 1586 un
317 1525 522 1605 Lieutenant,
556 1526 610 1608 qui
642 1546 681 1586 en
706 1523 771 1586 Son
794 1524 876 1585 Nom
907 1524 1016 1608 puisse
1039 1525 1125 1606 regir
1148 1522 1180 1586 la
1203 1521 1288 1585 Ville
1320 1533 1352 1585 et
1375 1545 1423 1586 son

251 1630 428 1692 territoire:
459 1651 543 1710 ,cum
571 1626 726 1690 facultate
750 1629 846 1690 etiam
871 1627 1044 1711 deputandi
1069 1628 1354 1691 Locumtenentem
1378 1628 1425 1712 qui

251 1735 293 1813 ,in
318 1737 356 1794 ea
388 1733 530 1797 Civitate
560 1734 690 1795 nomine
721 1731 786 1795 Suo
817 1731 970 1811 resideat,
1004 1741 1034 1793 et
1066 1755 1103 1795 ea
1132 1740 1219 1815 agat,
1253 1754 1334 1815 quae
1363 1733 1424 1815 ipse

251 1839 422 1919 ,Vicarius,
447 1840 472 1900 si
489 1859 643 1922 praesens
660 1846 755 1918 esset,
778 1837 895 1898 virtuto
911 1838 1091 1920 praesentis
1108 1838 1324 1900 concessionis
1339 1859 1424 1920 agere

178 1943 181 1948 ’
250 1946 389 2027 posset3‘
413 1952 446 2004 et
465 1943 549 2004 enfin
566 1942 589 2005 il
604 1963 735 2004 reserva
751 1965 791 2004 en
808 1950 925 2003 termes
943 1943 1058 2026 expres
1074 1940 1121 2003 les
1138 1964 1305 2025 supremes
1322 1943 1423 2020 droits,

252 2070 314 2131 que
337 2047 392 2131 luy
416 2069 454 2109 en
479 2046 599 2131 qualite
623 2046 849 2131 d'Empereur,
882 2055 914 2107 et
943 2044 974 2106 le
997 2045 1088 2108 Saint
1111 2045 1242 2130 Empire
1271 2046 1357 2108 auoit
1378 2065 1424 2105 sur

250 2150 282 2212 la
306 2151 390 2214 Villo
421 2153 460 2213 de
493 2152 626 2233 Sieune,
663 2160 693 2214 et
722 2150 780 2213 Sco
804 2149 1046 2234 dependanees:
1083 2149 1200 2226 ,Salvis
1234 2135 1267 2211 in
1303 2149 1423 2234 reliquis

250 2255 352 2336 ,Sacri
375 2255 507 2340 lmperij
532 2256 627 2341 pleno
652 2255 896 2339 Superioritatis
918 2254 990 2317 utili
1014 2264 1047 2316 et
1069 2255 1192 2316 directo
1216 2255 1387 2318 Dominio!

354 2361 427 2423 Non
455 2361 585 2424 obstant
607 2370 691 2424 cette
716 2360 912 2423 Concession
944 2359 1021 2422 faite
1052 2383 1110 2443 par
1134 2357 1268 2423 Charles
1292 2361 1424 2440 Quinta

252 2466 317 2528 Son
340 2465 409 2527 Fils
432 2465 595 2551 Philippe,
628 2466 659 2528 la
681 2466 768 2530 Ville
792 2465 831 2526 de
855 2465 971 2526 Sienne
1004 2466 1155 2527 continua
1185 2465 1329 2547 toujours
1352 2466 1423 2526 dans

252 2593 286 2633 sa
310 2571 444 2652 revolte,
479 2574 557 2633 roais
588 2571 648 2635 elle
673 2572 721 2633 fut
744 2572 869 2655 obligde
894 2570 932 2632 de
957 2594 991 2633 se
1014 2570 1129 2632 rendre
1161 2571 1255 2655 apres
1286 2592 1327 2631 un
1357 2568 1424 2650 long

251 2678 338 2758 siege
362 2699 400 2737 θη
427 2674 520 2755 1555,
544 2685 576 2737 et
597 2676 629 2738 la
651 2676 810 2760 premidre
835 2675 1009 2755 condition,
1035 2676 1089 2759 qui
1112 2674 1161 2737 fut
1185 2672 1322 2757 stipulde
1338 2672 1422 2751 alors,

252 2780 345 2841 etoit:
370 2779 425 2859 ,Ut
442 2780 562 2842 Caesar
579 2780 750 2842 Civitatem
767 2804 804 2843 ue
821 2779 1064 2863 Rernpublicam
1083 2778 1273 2841 Senensiurn
1292 2779 1322 2840 in
1339 2778 1421 2839 fidem

251 2905 339 2946 suram
364 2893 395 2947 et
418 2883 550 2968 Imperij
576 2880 761 2969 acciperet!

354 2988 458 3071 Aprds
482 2986 513 3048 la
535 2988 622 3071 prise
646 2989 685 3050 de
710 2988 829 3050 Sicnne
860 2987 1063 3072 l'Empereur
1087 2987 1222 3051 Charles
1246 2988 1347 3067 Quint
1374 3009 1422 3070 par

251 3114 293 3154 un
316 3092 447 3176 Diplom
471 3093 559 3154 datte
581 3092 612 3154 le
638 3093 686 3155 10.
711 3092 845 3156 Janvier
870 3093 952 3155 155ss
976 3090 1162 3155 reneuvella
1193 3091 1223 3154 la
1247 3092 1422 3154 concession

250 3199 292 3258 du
315 3198 460 3259 Vinariat
484 3196 623 3260 General
648 3197 687 3259 dc
711 3196 830 3259 Sicnne
855 3198 932 3259 faite
956 3198 974 3258 a
997 3197 1059 3258 Son
1088 3196 1153 3277 lils,
1186 3219 1224 3258 θη
1261 3195 1317 3282 luy
1346 3196 1421 3258 attri-

250 3301 349 3362 buant
384 3300 538 3385 quelques
572 3322 744 3363 nouvcaux
778 3300 890 3364 Droits
921 3303 1088 3385 rapportds
1127 3301 1206 3363 dans
1247 3322 1282 3363 ce
1318 3298 1422 3362 second

251 3404 402 3489 diplome.
448 3404 490 3466 Et
513 3404 597 3467 enfin
622 3428 681 3490 par
703 3428 745 3466 un
770 3406 930 3468 troisieme
954 3406 1070 3467 111127.
1096 3403 1191 3467 Avril
1215 3404 1310 3467 dela
1333 3407 1421 3466 meme

250 3511 351 3571 annea
374 3508 397 3570 il
419 3509 475 3593 luy
506 3509 638 3572 confere
661 3532 776 3574 encore
805 3508 1000 3590 ,facultatem
1036 3519 1068 3571 et
1098 3508 1260 3571 licentiam
1295 3509 1422 3593 quando·

250 3635 387 3696 ,cunque
417 3623 448 3676 et
471 3616 760 3699 quomodocunque
784 3615 958 3677 Serenitati
986 3616 1055 3699 ejus
1085 3614 1238 3698 expedire
1262 3614 1422 3690 videretur,

250 3716 439 3800 ,praefatum
458 3716 655 3780 Vieariatum
679 3720 711 3779 in
735 3727 836 3780 toturn
858 3716 910 3781 vel
934 3740 992 3802 pro
1016 3726 1107 3802 parte
1131 3718 1224 3781 alteri
1248 3719 1280 3780 in
1306 3718 1422 3780 feudum

249 3821 461 3902 ,concedendi
485 3822 536 3884 vel
553 3823 653 3885 libere
675 3810 873 3903 conferendi,
897 3822 985 3885 nullo
1009 3822 1070 3886 alio
1094 3844 1228 3885 assensu
1251 3844 1311 3907 pro
1327 3821 1421 3905 hujus·

250 3927 348 4006 ,modi
372 3927 652 3989 subinfeudatione
668 3937 699 3990 et
714 3926 908 3989 alienatione
933 3926 1082 3990 facienda
1105 3930 1229 4012 petito.‘

353 4031 403 4092 En
427 4053 649 4114 consequence
673 4031 713 4092 dc
736 4040 819 4093 cette
842 4030 960 4094 facultd
983 4030 1132 4116 Philippe
1155 4032 1189 4094 Π
1213 4056 1232 4094 a
1255 4032 1370 4096 investi
1390 4052 1421 4091 en

252 4136 333 4198 1557
366 4137 481 4199 (losme
512 4134 586 4197 Duc
617 4135 657 4197 de
687 4133 860 4216 Florence,
904 4145 936 4198 et
966 4158 1015 4198 ses
1046 4136 1114 4198 Fils
1147 4145 1178 4198 et
1208 4136 1419 4200 Descendents

249 4240 350 4302 males
374 4242 413 4303 de
438 4238 469 4302 la
492 4238 579 4301 Ville
604 4249 635 4301 et
658 4241 700 4301 du
723 4240 885 4302 territoirc
909 4242 949 4302 de
974 4240 1106 4321 Sienne,
1139 4264 1178 4302 en
1209 4263 1242 4302 se
1268 4245 1420 4305 reservant

251 4342 427 4406 seulement
450 4344 547 4406 Porto
571 4342 720 4423 Hercole,
753 4341 920 4425 Orbitello,
954 4344 1143 4425 Telamone,
1176 4344 1287 4407 Monte
1311 4348 1419 4427 Argen·

250 4447 341 4525 tario,
367 4456 398 4509 et
420 4448 516 4510 Porto
534 4448 598 4510 San
615 4447 791 4532 Stephano,
817 4456 848 4509 et
865 4448 978 4532 depuis
998 4448 1029 4511 la
1045 4456 1128 4511 mort
1150 4450 1188 4511 de
1212 4448 1278 4512 Son
1303 4450 1376 4512 Pdre
1395 4446 1418 4507 le

251 4551 297 4613 dit
323 4550 472 4635 Philippe
501 4552 626 4615 Second
651 4575 670 4614 a
693 4551 812 4613 obtenu
835 4550 866 4612 la
890 4551 1108 4613 confirmation
1133 4562 1165 4614 et
1187 4553 1371 4617 ratification
1386 4550 1416 4611 de
