<?xml version="1.0" encoding="UTF-8"?>
<!DOCTYPE html PUBLIC "-//W3C//DTD XHTML 1.0 Transitional//EN"
    "http://www.w3.org/TR/xhtml1/DTD/xhtml1-transitional.dtd">
<html xmlns="http://www.w3.org/1999/xhtml" xml:lang="en" lang="en">
 <head>
  <title>
</title>
<meta http-equiv="Content-Type" content="text/html;charset=utf-8" />
  <meta name='ocr-system' content='tesseract 3.04.00' />
  <meta name='ocr-capabilities' content='ocr_page ocr_carea ocr_par ocr_line ocrx_word'/>
</head>
<body>
  <div class='ocr_page' id='page_1' title='image "./fontesrerumaust23kommgoog_0196.png"; bbox 0 0 3009 5125; ppageno 0'>
   <div class='ocr_carea' id='block_1_1' title="bbox 242 287 303 350">
    <p class='ocr_par' dir='ltr' id='par_1_1' title="bbox 242 287 303 350">
     <span class='ocr_line' id='line_1_1' title="bbox 242 287 303 350; baseline 0.016 -1"><span class='ocrx_word' id='word_1_1' title='bbox 242 287 303 350; x_wconf 82' lang='lat'><strong>158</strong></span> 
     </span>
    </p>
   </div>
   <div class='ocr_carea' id='block_1_2' title="bbox 233 477 1418 3074">
    <p class='ocr_par' dir='ltr' id='par_1_2' title="bbox 233 477 1418 3074">
     <span class='ocr_line' id='line_1_2' title="bbox 240 477 1407 567; baseline 0.003 -25"><span class='ocrx_word' id='word_1_2' title='bbox 240 489 396 566; x_wconf 86' lang='lat' dir='ltr'><strong>exparte</strong></span> <span class='ocrx_word' id='word_1_3' title='bbox 420 477 837 562; x_wconf 87' lang='lat' dir='ltr'><strong>eoallaboraturamesse,</strong></span> <span class='ocrx_word' id='word_1_4' title='bbox 871 503 911 545; x_wconf 91' lang='lat' dir='ltr'><strong>ne</strong></span> <span class='ocrx_word' id='word_1_5' title='bbox 942 501 1025 567; x_wconf 89' lang='lat' dir='ltr'><strong>quae</strong></span> <span class='ocrx_word' id='word_1_6' title='bbox 1055 479 1158 567; x_wconf 89' lang='lat' dir='ltr'><strong>pactis</strong></span> <span class='ocrx_word' id='word_1_7' title='bbox 1188 483 1353 546; x_wconf 86' lang='lat' dir='ltr'><strong>conventis</strong></span> <span class='ocrx_word' id='word_1_8' title='bbox 1374 478 1407 545; x_wconf 87' lang='lat' dir='ltr'><strong>ab</strong></span> 
     </span>
     <span class='ocr_line' id='line_1_3' title="bbox 240 583 1409 671; baseline 0.002 -25"><span class='ocrx_word' id='word_1_9' title='bbox 240 583 362 670; x_wconf 81' lang='lat' dir='ltr'>aliquot</span> <span class='ocrx_word' id='word_1_10' title='bbox 385 594 471 648; x_wconf 88' lang='lat' dir='ltr'><strong>retro</strong></span> <span class='ocrx_word' id='word_1_11' title='bbox 494 585 588 648; x_wconf 86' lang='lat' dir='ltr'><strong>annis</strong></span> <span class='ocrx_word' id='word_1_12' title='bbox 619 585 721 667; x_wconf 85' lang='lat' dir='ltr'><strong>initis,</strong></span> <span class='ocrx_word' id='word_1_13' title='bbox 754 586 900 649; x_wconf 87' lang='lat' dir='ltr'><strong>disertim</strong></span> <span class='ocrx_word' id='word_1_14' title='bbox 931 586 1009 648; x_wconf 90' lang='lat' dir='ltr'><strong>satis</strong></span> <span class='ocrx_word' id='word_1_15' title='bbox 1033 608 1188 671; x_wconf 82' lang='lat' dir='ltr'><strong>expressa</strong></span> <span class='ocrx_word' id='word_1_16' title='bbox 1210 586 1409 671; x_wconf 87' lang='lat' dir='ltr'><strong>reperiuntur,</strong></span> 
     </span>
     <span class='ocr_line' id='line_1_4' title="bbox 240 688 1412 777; baseline 0.002 -27"><span class='ocrx_word' id='word_1_17' title='bbox 240 689 271 750; x_wconf 93' lang='lat' dir='ltr'><strong>in</strong></span> <span class='ocrx_word' id='word_1_18' title='bbox 295 688 428 752; x_wconf 91' lang='lat' dir='ltr'><strong>dubium</strong></span> <span class='ocrx_word' id='word_1_19' title='bbox 452 710 547 774; x_wconf 93' lang='lat' dir='ltr'><strong>porro</strong></span> <span class='ocrx_word' id='word_1_20' title='bbox 571 689 728 772; x_wconf 87' lang='lat' dir='ltr'><strong>revocari,</strong></span> <span class='ocrx_word' id='word_1_21' title='bbox 752 700 850 775; x_wconf 86' lang='lat' dir='ltr'><strong>atque</strong></span> <span class='ocrx_word' id='word_1_22' title='bbox 873 691 953 754; x_wconf 90' lang='lat' dir='ltr'><strong>adeo</strong></span> <span class='ocrx_word' id='word_1_23' title='bbox 977 691 1128 777; x_wconf 81' lang='lat' dir='ltr'><strong>Europae</strong></span> <span class='ocrx_word' id='word_1_24' title='bbox 1152 692 1244 776; x_wconf 91' lang='lat' dir='ltr'><strong>quies</strong></span> <span class='ocrx_word' id='word_1_25' title='bbox 1267 692 1302 754; x_wconf 95' lang='lat' dir='ltr'><strong>in</strong></span> <span class='ocrx_word' id='word_1_26' title='bbox 1324 690 1412 754; x_wconf 90' lang='lat' dir='ltr'><strong>mani-</strong></span> 
     </span>
     <span class='ocr_line' id='line_1_5' title="bbox 240 792 1414 881; baseline 0.003 -26"><span class='ocrx_word' id='word_1_27' title='bbox 240 792 358 856; x_wconf 89' lang='lat' dir='ltr'><strong>festum</strong></span> <span class='ocrx_word' id='word_1_28' title='bbox 381 794 555 857; x_wconf 82' lang='lat' dir='ltr'><strong>discrimen</strong></span> <span class='ocrx_word' id='word_1_29' title='bbox 579 793 698 858; x_wconf 82' lang='lat' dir='ltr'><strong>adduci</strong></span> <span class='ocrx_word' id='word_1_30' title='bbox 722 804 827 880; x_wconf 80' lang='lat' dir='ltr'><strong>queat.</strong></span> <span class='ocrx_word' id='word_1_31' title='bbox 884 795 998 881; x_wconf 80' lang='lat' dir='ltr'><strong>Neque</strong></span> <span class='ocrx_word' id='word_1_32' title='bbox 1020 817 1098 858; x_wconf 86' lang='lat' dir='ltr'><strong>vero</strong></span> <span class='ocrx_word' id='word_1_33' title='bbox 1121 795 1305 859; x_wconf 78' lang='lat' dir='ltr'><strong>adhucdum</strong></span> <span class='ocrx_word' id='word_1_34' title='bbox 1329 794 1414 859; x_wconf 82' lang='lat' dir='ltr'><strong>alian</strong></span> 
     </span>
     <span class='ocr_line' id='line_1_6' title="bbox 239 897 1415 985; baseline 0.003 -25"><span class='ocrx_word' id='word_1_35' title='bbox 239 919 309 960; x_wconf 91' lang='lat' dir='ltr'><strong>esse</strong></span> <span class='ocrx_word' id='word_1_36' title='bbox 332 898 428 961; x_wconf 76' lang='lat' dir='ltr'><strong>Rev⁸⁶</strong></span> <span class='ocrx_word' id='word_1_37' title='bbox 445 898 514 962; x_wconf 89' lang='lat' dir='ltr'><strong>Pat.</strong></span> <span class='ocrx_word' id='word_1_38' title='bbox 539 897 596 960; x_wconf 63' lang='lat' dir='ltr'><strong>Vte</strong></span> <span class='ocrx_word' id='word_1_39' title='bbox 613 908 763 980; x_wconf 86' lang='lat' dir='ltr'><strong>mentem,</strong></span> <span class='ocrx_word' id='word_1_40' title='bbox 787 900 983 985; x_wconf 89' lang='lat' dir='ltr'><strong>persuadere</strong></span> <span class='ocrx_word' id='word_1_41' title='bbox 1006 899 1087 964; x_wconf 89' lang='lat' dir='ltr'><strong>Mihi</strong></span> <span class='ocrx_word' id='word_1_42' title='bbox 1109 922 1256 985; x_wconf 88' lang='lat' dir='ltr'><strong>possum,</strong></span> <span class='ocrx_word' id='word_1_43' title='bbox 1282 900 1311 963; x_wconf 91' lang='lat' dir='ltr'><strong>si</strong></span> <span class='ocrx_word' id='word_1_44' title='bbox 1334 922 1415 985; x_wconf 88' lang='lat' dir='ltr'><strong>prae·</strong></span> 
     </span>
     <span class='ocr_line' id='line_1_7' title="bbox 239 1003 1417 1090; baseline 0.003 -26"><span class='ocrx_word' id='word_1_45' title='bbox 239 1003 333 1087; x_wconf 84' lang='lat' dir='ltr'><strong>cipue</strong></span> <span class='ocrx_word' id='word_1_46' title='bbox 366 1004 519 1066; x_wconf 71' lang='lat' dir='ltr'><strong>memoria</strong></span> <span class='ocrx_word' id='word_1_47' title='bbox 548 1003 706 1085; x_wconf 90' lang='lat' dir='ltr'><strong>recolam,</strong></span> <span class='ocrx_word' id='word_1_48' title='bbox 735 1026 832 1090; x_wconf 87' lang='lat' dir='ltr'><strong>quam</strong></span> <span class='ocrx_word' id='word_1_49' title='bbox 863 1005 958 1068; x_wconf 84' lang='lat' dir='ltr'><strong>enixe</strong></span> <span class='ocrx_word' id='word_1_50' title='bbox 990 1027 1061 1068; x_wconf 91' lang='lat' dir='ltr'><strong>sese</strong></span> <span class='ocrx_word' id='word_1_51' title='bbox 1093 1005 1187 1070; x_wconf 90' lang='lat' dir='ltr'><strong>datae</strong></span> <span class='ocrx_word' id='word_1_52' title='bbox 1218 1003 1320 1068; x_wconf 89' lang='lat' dir='ltr'><strong>semel</strong></span> <span class='ocrx_word' id='word_1_53' title='bbox 1351 1005 1417 1068; x_wconf 86' lang='lat' dir='ltr'><strong>fidei</strong></span> 
     </span>
     <span class='ocr_line' id='line_1_8' title="bbox 240 1107 1417 1195; baseline 0.003 -26"><span class='ocrx_word' id='word_1_54' title='bbox 240 1116 395 1188; x_wconf 84' lang='lat' dir='ltr'><strong>tenacem,</strong></span> <span class='ocrx_word' id='word_1_55' title='bbox 419 1108 573 1193; x_wconf 80' lang='lat' dir='ltr'><strong>pacisque</strong></span> <span class='ocrx_word' id='word_1_56' title='bbox 597 1109 748 1194; x_wconf 88' lang='lat' dir='ltr'><strong>cupidam</strong></span> <span class='ocrx_word' id='word_1_57' title='bbox 772 1130 934 1194; x_wconf 87' lang='lat' dir='ltr'><strong>nunquam</strong></span> <span class='ocrx_word' id='word_1_58' title='bbox 957 1131 1024 1172; x_wconf 92' lang='lat' dir='ltr'><strong>non</strong></span> <span class='ocrx_word' id='word_1_59' title='bbox 1046 1107 1193 1195; x_wconf 87' lang='lat' dir='ltr'><strong>professa</strong></span> <span class='ocrx_word' id='word_1_60' title='bbox 1215 1110 1267 1173; x_wconf 90' lang='lat' dir='ltr'><strong>sit.</strong></span> <span class='ocrx_word' id='word_1_61' title='bbox 1292 1109 1417 1173; x_wconf 79' lang='lat' dir='ltr'><strong>Praeter</strong></span> 
     </span>
     <span class='ocr_line' id='line_1_9' title="bbox 239 1212 1418 1299; baseline 0.003 -27"><span class='ocrx_word' id='word_1_62' title='bbox 239 1212 496 1296; x_wconf 85' lang='lat' dir='ltr'><strong>expectatiqnem</strong></span> <span class='ocrx_word' id='word_1_63' title='bbox 520 1233 596 1296; x_wconf 84' lang='lat' dir='ltr'><strong>ergo</strong></span> <span class='ocrx_word' id='word_1_64' title='bbox 620 1213 749 1295; x_wconf 89' lang='lat' dir='ltr'><strong>accidit,</strong></span> <span class='ocrx_word' id='word_1_65' title='bbox 774 1214 859 1299; x_wconf 92' lang='lat' dir='ltr'><strong>quod</strong></span> <span class='ocrx_word' id='word_1_66' title='bbox 883 1236 925 1278; x_wconf 86' lang='lat' dir='ltr'><strong>ex</strong></span> <span class='ocrx_word' id='word_1_67' title='bbox 946 1212 1050 1277; x_wconf 89' lang='lat' dir='ltr'><strong>literis</strong></span> <span class='ocrx_word' id='word_1_68' title='bbox 1073 1213 1112 1278; x_wconf 88' lang='lat' dir='ltr'><strong>R.</strong></span> <span class='ocrx_word' id='word_1_69' title='bbox 1135 1214 1207 1278; x_wconf 86' lang='lat' dir='ltr'><strong>Pat.</strong></span> <span class='ocrx_word' id='word_1_70' title='bbox 1223 1214 1281 1278; x_wconf 75' lang='lat' dir='ltr'><strong>V⁸⁶</strong></span> <span class='ocrx_word' id='word_1_71' title='bbox 1298 1214 1418 1276; x_wconf 67' lang='lat' dir='ltr'><strong>decimi</strong></span> 
     </span>
     <span class='ocr_line' id='line_1_10' title="bbox 238 1315 1416 1402; baseline 0 -24"><span class='ocrx_word' id='word_1_72' title='bbox 238 1320 332 1379; x_wconf 75' lang='lat' dir='ltr'><strong>sexta</strong></span> <span class='ocrx_word' id='word_1_73' title='bbox 361 1317 528 1401; x_wconf 89' lang='lat' dir='ltr'><strong>praeteriti</strong></span> <span class='ocrx_word' id='word_1_74' title='bbox 555 1317 679 1381; x_wconf 81' lang='lat' dir='ltr'><strong>mensis</strong></span> <span class='ocrx_word' id='word_1_75' title='bbox 701 1316 812 1402; x_wconf 89' lang='lat' dir='ltr'><strong>Martij</strong></span> <span class='ocrx_word' id='word_1_76' title='bbox 844 1317 896 1380; x_wconf 89' lang='lat' dir='ltr'><strong>die</strong></span> <span class='ocrx_word' id='word_1_77' title='bbox 927 1317 969 1381; x_wconf 91' lang='lat' dir='ltr'><strong>ad</strong></span> <span class='ocrx_word' id='word_1_78' title='bbox 1009 1339 1061 1380; x_wconf 91' lang='lat' dir='ltr'><strong>me</strong></span> <span class='ocrx_word' id='word_1_79' title='bbox 1092 1318 1233 1382; x_wconf 84' lang='lat' dir='ltr'><strong>exaratis</strong></span> <span class='ocrx_word' id='word_1_80' title='bbox 1266 1315 1416 1398; x_wconf 82' lang='lat' dir='ltr'><strong>intellexi,</strong></span> 
     </span>
     <span class='ocr_line' id='line_1_11' title="bbox 238 1419 1417 1509; baseline 0.003 -27"><span class='ocrx_word' id='word_1_81' title='bbox 238 1419 356 1484; x_wconf 92' lang='lat' dir='ltr'><strong>nedum</strong></span> <span class='ocrx_word' id='word_1_82' title='bbox 386 1419 531 1484; x_wconf 81' lang='lat' dir='ltr'><strong>Eandem</strong></span> <span class='ocrx_word' id='word_1_83' title='bbox 567 1444 604 1486; x_wconf 89' lang='lat' dir='ltr'><strong>eo</strong></span> <span class='ocrx_word' id='word_1_84' title='bbox 638 1422 822 1507; x_wconf 87' lang='lat' dir='ltr'><strong>permoveri</strong></span> <span class='ocrx_word' id='word_1_85' title='bbox 855 1423 1013 1507; x_wconf 90' lang='lat' dir='ltr'><strong>potuisse,</strong></span> <span class='ocrx_word' id='word_1_86' title='bbox 1048 1444 1111 1509; x_wconf 94' lang='lat' dir='ltr'><strong>quo</strong></span> <span class='ocrx_word' id='word_1_87' title='bbox 1145 1423 1178 1486; x_wconf 93' lang='lat' dir='ltr'><strong>in</strong></span> <span class='ocrx_word' id='word_1_88' title='bbox 1212 1420 1417 1487; x_wconf 77' lang='lat' dir='ltr'><strong>stabiliendae</strong></span> 
     </span>
     <span class='ocr_line' id='line_1_12' title="bbox 239 1523 1416 1612; baseline 0 -24"><span class='ocrx_word' id='word_1_89' title='bbox 239 1523 387 1611; x_wconf 88' lang='lat' dir='ltr'><strong>publicae</strong></span> <span class='ocrx_word' id='word_1_90' title='bbox 419 1525 538 1611; x_wconf 89' lang='lat' dir='ltr'><strong>quietis</strong></span> <span class='ocrx_word' id='word_1_91' title='bbox 569 1526 698 1610; x_wconf 85' lang='lat' dir='ltr'><strong>negotio</strong></span> <span class='ocrx_word' id='word_1_92' title='bbox 730 1527 772 1612; x_wconf 91' lang='lat' dir='ltr'><strong>ijs</strong></span> <span class='ocrx_word' id='word_1_93' title='bbox 803 1527 898 1591; x_wconf 91' lang='lat' dir='ltr'><strong>unice</strong></span> <span class='ocrx_word' id='word_1_94' title='bbox 930 1536 1069 1592; x_wconf 87' lang='lat' dir='ltr'><strong>staretur</strong></span> <span class='ocrx_word' id='word_1_95' title='bbox 1091 1526 1226 1612; x_wconf 81' lang='lat' dir='ltr'><strong>regulis,</strong></span> <span class='ocrx_word' id='word_1_96' title='bbox 1271 1549 1355 1612; x_wconf 90' lang='lat' dir='ltr'><strong>quae</strong></span> <span class='ocrx_word' id='word_1_97' title='bbox 1382 1548 1416 1589; x_wconf 91' lang='lat' dir='ltr'><strong>ne</strong></span> 
     </span>
     <span class='ocr_line' id='line_1_13' title="bbox 238 1627 1416 1717; baseline 0.001 -27"><span class='ocrx_word' id='word_1_98' title='bbox 238 1628 310 1714; x_wconf 69' lang='lat' dir='ltr'><strong>ipsa</strong></span> <span class='ocrx_word' id='word_1_99' title='bbox 342 1629 473 1715; x_wconf 90' lang='lat' dir='ltr'><strong>quidem</strong></span> <span class='ocrx_word' id='word_1_100' title='bbox 504 1627 664 1693; x_wconf 81' lang='lat' dir='ltr'><strong>diffitente</strong></span> <span class='ocrx_word' id='word_1_101' title='bbox 695 1631 857 1693; x_wconf 91' lang='lat' dir='ltr'><strong>communi</strong></span> <span class='ocrx_word' id='word_1_102' title='bbox 887 1633 1026 1717; x_wconf 88' lang='lat' dir='ltr'><strong>partium</strong></span> <span class='ocrx_word' id='word_1_103' title='bbox 1050 1630 1319 1695; x_wconf 81' lang='lat' dir='ltr'><strong>Contrahentium</strong></span> <span class='ocrx_word' id='word_1_104' title='bbox 1341 1628 1416 1694; x_wconf 81' lang='lat' dir='ltr'><strong>Ocn-</strong></span> 
     </span>
     <span class='ocr_line' id='line_1_14' title="bbox 239 1731 1416 1820; baseline 0.001 -25"><span class='ocrx_word' id='word_1_105' title='bbox 239 1754 335 1796; x_wconf 92' lang='lat' dir='ltr'><strong>sensu</strong></span> <span class='ocrx_word' id='word_1_106' title='bbox 357 1734 446 1819; x_wconf 92' lang='lat' dir='ltr'><strong>prius</strong></span> <span class='ocrx_word' id='word_1_107' title='bbox 471 1731 669 1819; x_wconf 87' lang='lat' dir='ltr'><strong>placuerunt.</strong></span> <span class='ocrx_word' id='word_1_108' title='bbox 701 1733 861 1820; x_wconf 81' lang='lat' dir='ltr'><strong>Equidem</strong></span> <span class='ocrx_word' id='word_1_109' title='bbox 885 1736 1024 1820; x_wconf 86' lang='lat' dir='ltr'><strong>ingenue</strong></span> <span class='ocrx_word' id='word_1_110' title='bbox 1048 1733 1160 1817; x_wconf 88' lang='lat' dir='ltr'><strong>fateor,</strong></span> <span class='ocrx_word' id='word_1_111' title='bbox 1184 1736 1314 1799; x_wconf 89' lang='lat' dir='ltr'><strong>Mecum</strong></span> <span class='ocrx_word' id='word_1_112' title='bbox 1335 1735 1416 1820; x_wconf 85' lang='lat' dir='ltr'><strong>pacis</strong></span> 
     </span>
     <span class='ocr_line' id='line_1_15' title="bbox 238 1838 1415 1924; baseline 0.002 -24"><span class='ocrx_word' id='word_1_113' title='bbox 238 1838 360 1920; x_wconf 89' lang='lat' dir='ltr'><strong>studio,</strong></span> <span class='ocrx_word' id='word_1_114' title='bbox 392 1839 478 1924; x_wconf 94' lang='lat' dir='ltr'><strong>quod</strong></span> <span class='ocrx_word' id='word_1_115' title='bbox 508 1839 572 1902; x_wconf 58' lang='grc' dir='ltr'><strong>ΒΜ</strong></span> <span class='ocrx_word' id='word_1_116' title='bbox 593 1838 630 1902; x_wconf 91' lang='lat' dir='ltr'><strong>P.</strong></span> <span class='ocrx_word' id='word_1_117' title='bbox 655 1839 699 1902; x_wconf 63' lang='lat' dir='ltr'><strong>V*</strong></span> <span class='ocrx_word' id='word_1_118' title='bbox 727 1861 891 1924; x_wconf 87' lang='lat' dir='ltr'><strong>nunquam</strong></span> <span class='ocrx_word' id='word_1_119' title='bbox 922 1861 986 1903; x_wconf 92' lang='lat' dir='ltr'><strong>non</strong></span> <span class='ocrx_word' id='word_1_120' title='bbox 1016 1838 1220 1924; x_wconf 87' lang='lat' dir='ltr'><strong>praesetulit,</strong></span> <span class='ocrx_word' id='word_1_121' title='bbox 1251 1838 1415 1904; x_wconf 86' lang='lat' dir='ltr'><strong>conciliare</strong></span> 
     </span>
     <span class='ocr_line' id='line_1_16' title="bbox 237 1942 1415 2028; baseline 0.001 -23"><span class='ocrx_word' id='word_1_122' title='bbox 237 1942 426 2028; x_wconf 89' lang='lat' dir='ltr'><strong>neutiquam</strong></span> <span class='ocrx_word' id='word_1_123' title='bbox 449 1963 555 2028; x_wconf 89' lang='lat' dir='ltr'><strong>posse,</strong></span> <span class='ocrx_word' id='word_1_124' title='bbox 588 1944 672 2028; x_wconf 95' lang='lat' dir='ltr'><strong>quod</strong></span> <span class='ocrx_word' id='word_1_125' title='bbox 705 1943 738 2006; x_wconf 92' lang='lat' dir='ltr'><strong>in</strong></span> <span class='ocrx_word' id='word_1_126' title='bbox 769 1942 886 2028; x_wconf 89' lang='lat' dir='ltr'><strong>ijsdem</strong></span> <span class='ocrx_word' id='word_1_127' title='bbox 915 1942 1018 2008; x_wconf 87' lang='lat' dir='ltr'><strong>literis</strong></span> <span class='ocrx_word' id='word_1_128' title='bbox 1049 1943 1123 2008; x_wconf 88' lang='lat' dir='ltr'><strong>Suis</strong></span> <span class='ocrx_word' id='word_1_129' title='bbox 1153 1942 1249 2007; x_wconf 91' lang='lat' dir='ltr'><strong>simul</strong></span> <span class='ocrx_word' id='word_1_130' title='bbox 1279 1952 1415 2023; x_wconf 82' lang='lat' dir='ltr'><strong>testetur,</strong></span> 
     </span>
     <span class='ocr_line' id='line_1_17' title="bbox 238 2045 1417 2132; baseline -0.003 -21"><span class='ocrx_word' id='word_1_131' title='bbox 238 2045 512 2111; x_wconf 76' lang='lat' dir='ltr'><strong>Christianissimo</strong></span> <span class='ocrx_word' id='word_1_132' title='bbox 543 2047 639 2131; x_wconf 85' lang='lat' dir='ltr'><strong>Regi,</strong></span> <span class='ocrx_word' id='word_1_133' title='bbox 675 2057 746 2111; x_wconf 86' lang='lat' dir='ltr'><strong>utut</strong></span> <span class='ocrx_word' id='word_1_134' title='bbox 779 2048 880 2111; x_wconf 83' lang='lat' dir='ltr'><strong>invito</strong></span> <span class='ocrx_word' id='word_1_135' title='bbox 911 2070 949 2112; x_wconf 92' lang='lat' dir='ltr'><strong>ac</strong></span> <span class='ocrx_word' id='word_1_136' title='bbox 979 2047 1165 2132; x_wconf 82' lang='lat' dir='ltr'><strong>refraganti,</strong></span> <span class='ocrx_word' id='word_1_137' title='bbox 1195 2048 1417 2112; x_wconf 87' lang='lat' dir='ltr'><strong>necessitatem</strong></span> 
     </span>
     <span class='ocr_line' id='line_1_18' title="bbox 237 2150 1415 2237; baseline 0 -23"><span class='ocrx_word' id='word_1_138' title='bbox 237 2159 345 2214; x_wconf 89' lang='lat' dir='ltr'><strong>tamen</strong></span> <span class='ocrx_word' id='word_1_139' title='bbox 369 2150 550 2234; x_wconf 89' lang='lat' dir='ltr'><strong>imminere,</strong></span> <span class='ocrx_word' id='word_1_140' title='bbox 585 2152 743 2237; x_wconf 89' lang='lat' dir='ltr'><strong>ejusmodi</strong></span> <span class='ocrx_word' id='word_1_141' title='bbox 765 2151 994 2216; x_wconf 66' lang='lat' dir='ltr'><strong>foederatorum</strong></span> <span class='ocrx_word' id='word_1_142' title='bbox 1017 2151 1185 2216; x_wconf 86' lang='lat' dir='ltr'><strong>molimina</strong></span> <span class='ocrx_word' id='word_1_143' title='bbox 1207 2150 1415 2230; x_wconf 84' lang='lat' dir='ltr'><strong>suffulciendi,</strong></span> 
     </span>
     <span class='ocr_line' id='line_1_19' title="bbox 238 2255 1415 2344; baseline 0 -26"><span class='ocrx_word' id='word_1_144' title='bbox 238 2255 354 2342; x_wconf 90' lang='lat' dir='ltr'><strong>quibus</strong></span> <span class='ocrx_word' id='word_1_145' title='bbox 378 2258 486 2342; x_wconf 89' lang='lat' dir='ltr'><strong>priora</strong></span> <span class='ocrx_word' id='word_1_146' title='bbox 508 2281 546 2322; x_wconf 88' lang='lat' dir='ltr'><strong>ac</strong></span> <span class='ocrx_word' id='word_1_147' title='bbox 570 2257 715 2321; x_wconf 88' lang='lat' dir='ltr'><strong>solennia</strong></span> <span class='ocrx_word' id='word_1_148' title='bbox 738 2267 835 2344; x_wconf 89' lang='lat' dir='ltr'><strong>pacta</strong></span> <span class='ocrx_word' id='word_1_149' title='bbox 856 2267 1017 2323; x_wconf 86' lang='lat' dir='ltr'><strong>conventa</strong></span> <span class='ocrx_word' id='word_1_150' title='bbox 1038 2257 1171 2322; x_wconf 88' lang='lat' dir='ltr'><strong>indubie</strong></span> <span class='ocrx_word' id='word_1_151' title='bbox 1187 2256 1415 2322; x_wconf 89' lang='lat' dir='ltr'><strong>convelluntur.</strong></span> 
     </span>
     <span class='ocr_line' id='line_1_20' title="bbox 238 2360 1416 2449; baseline -0.001 -26"><span class='ocrx_word' id='word_1_152' title='bbox 238 2360 328 2424; x_wconf 90' lang='lat' dir='ltr'><strong>Haec</strong></span> <span class='ocrx_word' id='word_1_153' title='bbox 361 2361 447 2424; x_wconf 87' lang='lat' dir='ltr'><strong>enirn</strong></span> <span class='ocrx_word' id='word_1_154' title='bbox 479 2371 565 2426; x_wconf 87' lang='lat' dir='ltr'><strong>sarta</strong></span> <span class='ocrx_word' id='word_1_155' title='bbox 595 2370 682 2426; x_wconf 87' lang='lat' dir='ltr'><strong>tecta</strong></span> <span class='ocrx_word' id='word_1_156' title='bbox 708 2384 839 2427; x_wconf 88' lang='lat' dir='ltr'><strong>servare</strong></span> <span class='ocrx_word' id='word_1_157' title='bbox 870 2363 1034 2445; x_wconf 92' lang='lat' dir='ltr'><strong>idoneum,</strong></span> <span class='ocrx_word' id='word_1_158' title='bbox 1066 2385 1162 2449; x_wconf 92' lang='lat' dir='ltr'><strong>quam</strong></span> <span class='ocrx_word' id='word_1_159' title='bbox 1192 2361 1335 2426; x_wconf 84' lang='lat' dir='ltr'><strong>maxime</strong></span> <span class='ocrx_word' id='word_1_160' title='bbox 1364 2381 1416 2446; x_wconf 90' lang='lat' dir='ltr'><strong>pro</strong></span> 
     </span>
     <span class='ocr_line' id='line_1_21' title="bbox 239 2465 1416 2552; baseline 0 -26"><span class='ocrx_word' id='word_1_161' title='bbox 239 2465 397 2528; x_wconf 70' lang='lat' dir='ltr'><strong>firmanda</strong></span> <span class='ocrx_word' id='word_1_162' title='bbox 420 2467 580 2530; x_wconf 92' lang='lat' dir='ltr'><strong>communi</strong></span> <span class='ocrx_word' id='word_1_163' title='bbox 602 2465 835 2552; x_wconf 85' lang='lat' dir='ltr'><strong>tranquillitate</strong></span> <span class='ocrx_word' id='word_1_164' title='bbox 859 2466 1000 2531; x_wconf 90' lang='lat' dir='ltr'><strong>medium</strong></span> <span class='ocrx_word' id='word_1_165' title='bbox 1023 2466 1065 2531; x_wconf 95' lang='lat' dir='ltr'><strong>ab</strong></span> <span class='ocrx_word' id='word_1_166' title='bbox 1089 2465 1237 2530; x_wconf 90' lang='lat' dir='ltr'><strong>omnibus</strong></span> <span class='ocrx_word' id='word_1_167' title='bbox 1268 2465 1416 2528; x_wconf 90' lang='lat' dir='ltr'><strong>hactenus</strong></span> 
     </span>
     <span class='ocr_line' id='line_1_22' title="bbox 233 2570 1416 2658; baseline -0.002 -25"><span class='ocrx_word' id='word_1_168' title='bbox 233 2570 415 2655; x_wconf 87' lang='lat' dir='ltr'><strong>judicatum</strong></span> <span class='ocrx_word' id='word_1_169' title='bbox 439 2570 507 2636; x_wconf 88' lang='lat' dir='ltr'><strong>fuit.</strong></span> <span class='ocrx_word' id='word_1_170' title='bbox 533 2570 680 2658; x_wconf 81' lang='lat' dir='ltr'><strong>Cumque</strong></span> <span class='ocrx_word' id='word_1_171' title='bbox 701 2572 806 2657; x_wconf 91' lang='lat' dir='ltr'><strong>primo</strong></span> <span class='ocrx_word' id='word_1_172' title='bbox 829 2573 938 2637; x_wconf 89' lang='lat' dir='ltr'><strong>statim</strong></span> <span class='ocrx_word' id='word_1_173' title='bbox 961 2573 1001 2635; x_wconf 90' lang='lat' dir='ltr'><strong>de</strong></span> <span class='ocrx_word' id='word_1_174' title='bbox 1017 2571 1184 2637; x_wconf 71' lang='lat' dir='ltr'><strong>Seviliana</strong></span> <span class='ocrx_word' id='word_1_175' title='bbox 1200 2571 1416 2636; x_wconf 77' lang='lat' dir='ltr'><strong>Conventione</strong></span> 
     </span>
     <span class='ocr_line' id='line_1_23' title="bbox 237 2673 1417 2762; baseline -0.002 -25"><span class='ocrx_word' id='word_1_176' title='bbox 237 2674 358 2738; x_wconf 88' lang='lat' dir='ltr'><strong>Nuntio</strong></span> <span class='ocrx_word' id='word_1_177' title='bbox 375 2686 506 2762; x_wconf 88' lang='lat' dir='ltr'><strong>accepto</strong></span> <span class='ocrx_word' id='word_1_178' title='bbox 524 2699 543 2739; x_wconf 91' lang='lat' dir='ltr'><strong>a</strong></span> <span class='ocrx_word' id='word_1_179' title='bbox 558 2674 656 2759; x_wconf 72' lang='lat' dir='ltr'><strong>nulla,</strong></span> <span class='ocrx_word' id='word_1_180' title='bbox 681 2698 764 2762; x_wconf 84' lang='lat' dir='ltr'><strong>quae</strong></span> <span class='ocrx_word' id='word_1_181' title='bbox 784 2675 914 2761; x_wconf 82' lang='lat' dir='ltr'><strong>juribus</strong></span> <span class='ocrx_word' id='word_1_182' title='bbox 930 2676 1043 2762; x_wconf 80' lang='lat' dir='ltr'><strong>Tertij,</strong></span> <span class='ocrx_word' id='word_1_183' title='bbox 1066 2686 1123 2741; x_wconf 92' lang='lat' dir='ltr'><strong>aut</strong></span> <span class='ocrx_word' id='word_1_184' title='bbox 1137 2673 1299 2761; x_wconf 88' lang='lat' dir='ltr'><strong>prioribus</strong></span> <span class='ocrx_word' id='word_1_185' title='bbox 1315 2674 1417 2738; x_wconf 86' lang='lat' dir='ltr'><strong>Paetis</strong></span> 
     </span>
     <span class='ocr_line' id='line_1_24' title="bbox 238 2776 1416 2865; baseline -0.003 -23"><span class='ocrx_word' id='word_1_186' title='bbox 238 2782 402 2844; x_wconf 90' lang='lat' dir='ltr'><strong>conventis</strong></span> <span class='ocrx_word' id='word_1_187' title='bbox 432 2780 518 2845; x_wconf 90' lang='lat' dir='ltr'><strong>haud</strong></span> <span class='ocrx_word' id='word_1_188' title='bbox 558 2781 786 2863; x_wconf 89' lang='lat' dir='ltr'><strong>contrarietur,</strong></span> <span class='ocrx_word' id='word_1_189' title='bbox 817 2780 1019 2865; x_wconf 80' lang='lat' dir='ltr'><strong>transigendi</strong></span> <span class='ocrx_word' id='word_1_190' title='bbox 1049 2782 1172 2845; x_wconf 91' lang='lat' dir='ltr'><strong>ratione</strong></span> <span class='ocrx_word' id='word_1_191' title='bbox 1202 2779 1343 2843; x_wconf 88' lang='lat' dir='ltr'><strong>alienum</strong></span> <span class='ocrx_word' id='word_1_192' title='bbox 1367 2776 1416 2841; x_wconf 89' lang='lat' dir='ltr'><strong>Mc</strong></span> 
     </span>
     <span class='ocr_line' id='line_1_25' title="bbox 238 2881 1417 2971; baseline 0 -26"><span class='ocrx_word' id='word_1_193' title='bbox 238 2882 307 2948; x_wconf 88' lang='lat' dir='ltr'><strong>fore</strong></span> <span class='ocrx_word' id='word_1_194' title='bbox 330 2884 574 2967; x_wconf 85' lang='lat' dir='ltr'><strong>declaraverim,</strong></span> <span class='ocrx_word' id='word_1_195' title='bbox 599 2896 694 2971; x_wconf 87' lang='lat' dir='ltr'><strong>atque</strong></span> <span class='ocrx_word' id='word_1_196' title='bbox 718 2887 752 2948; x_wconf 91' lang='lat' dir='ltr'><strong>in</strong></span> <span class='ocrx_word' id='word_1_197' title='bbox 775 2884 836 2948; x_wconf 91' lang='lat' dir='ltr'><strong>hoc</strong></span> <span class='ocrx_word' id='word_1_198' title='bbox 859 2886 1023 2971; x_wconf 92' lang='lat' dir='ltr'><strong>proposito</strong></span> <span class='ocrx_word' id='word_1_199' title='bbox 1046 2907 1084 2949; x_wconf 86' lang='lat' dir='ltr'><strong>ac</strong></span> <span class='ocrx_word' id='word_1_200' title='bbox 1107 2885 1233 2949; x_wconf 74' lang='lat' dir='ltr'><strong>sincera</strong></span> <span class='ocrx_word' id='word_1_201' title='bbox 1256 2881 1417 2947; x_wconf 85' lang='lat' dir='ltr'><strong>voluntate</strong></span> 
     </span>
     <span class='ocr_line' id='line_1_26' title="bbox 238 2987 1416 3074; baseline -0.003 -22"><span class='ocrx_word' id='word_1_202' title='bbox 238 2987 382 3052; x_wconf 80' lang='lat' dir='ltr'><strong>Consilia</strong></span> <span class='ocrx_word' id='word_1_203' title='bbox 412 2990 486 3053; x_wconf 91' lang='lat' dir='ltr'><strong>Mea</strong></span> <span class='ocrx_word' id='word_1_204' title='bbox 516 3011 588 3052; x_wconf 90' lang='lat' dir='ltr'><strong>cum</strong></span> <span class='ocrx_word' id='word_1_205' title='bbox 622 2988 897 3054; x_wconf 82' lang='lat' dir='ltr'><strong>Christianissimo</strong></span> <span class='ocrx_word' id='word_1_206' title='bbox 927 2989 1017 3074; x_wconf 86' lang='lat' dir='ltr'><strong>Rege</strong></span> <span class='ocrx_word' id='word_1_207' title='bbox 1048 2991 1093 3053; x_wconf 88' lang='lat' dir='ltr'><strong>uti</strong></span> <span class='ocrx_word' id='word_1_208' title='bbox 1121 2988 1159 3052; x_wconf 87' lang='lat' dir='ltr'><strong>R.</strong></span> <span class='ocrx_word' id='word_1_209' title='bbox 1183 2989 1219 3053; x_wconf 92' lang='lat' dir='ltr'><strong>P.</strong></span> <span class='ocrx_word' id='word_1_210' title='bbox 1243 2988 1287 3051; x_wconf 55' lang='lat' dir='ltr'><strong>Vt</strong></span> <span class='ocrx_word' id='word_1_211' title='bbox 1309 2988 1416 3067; x_wconf 86' lang='lat' dir='ltr'><strong>innuit,</strong></span> 
     </span>
    </p>
   </div>
   <div class='ocr_carea' id='block_1_3' title="bbox 124 3089 1418 3180">
    <p class='ocr_par' dir='ltr' id='par_1_3' title="bbox 124 3089 1418 3180">
     <span class='ocr_line' id='line_1_27' title="bbox 124 3089 1418 3180; baseline -0.001 -25"><span class='ocrx_word' id='word_1_212' title='bbox 124 3089 126 3099; x_wconf 57' lang='lat'><strong><em>⁴</em></strong></span> <span class='ocrx_word' id='word_1_213' title='bbox 237 3114 295 3178; x_wconf 92' lang='lat' dir='ltr'><strong>pro</strong></span> <span class='ocrx_word' id='word_1_214' title='bbox 329 3095 553 3158; x_wconf 85' lang='lat' dir='ltr'><strong>conservanda</strong></span> <span class='ocrx_word' id='word_1_215' title='bbox 567 3116 661 3180; x_wconf 64' lang='lat' dir='ltr'><strong>,pace</strong></span> <span class='ocrx_word' id='word_1_216' title='bbox 689 3093 850 3179; x_wconf 86' lang='lat' dir='ltr'><strong>jungendi</strong></span> <span class='ocrx_word' id='word_1_217' title='bbox 880 3093 986 3157; x_wconf 86' lang='lat' dir='ltr'><strong>adhuc</strong></span> <span class='ocrx_word' id='word_1_218' title='bbox 1016 3094 1197 3180; x_wconf 85' lang='lat' dir='ltr'><strong>persistam,</strong></span> <span class='ocrx_word' id='word_1_219' title='bbox 1229 3092 1310 3156; x_wconf 90' lang='lat' dir='ltr'><strong>nihil</strong></span> <span class='ocrx_word' id='word_1_220' title='bbox 1339 3092 1418 3155; x_wconf 88' lang='lat' dir='ltr'><strong>ultra</strong></span> 
     </span>
    </p>
   </div>
   <div class='ocr_carea' id='block_1_4' title="bbox 233 3197 1418 4643">
    <p class='ocr_par' dir='ltr' id='par_1_4' title="bbox 233 3197 1418 4643">
     <span class='ocr_line' id='line_1_28' title="bbox 233 3197 1416 3285; baseline 0 -26"><span class='ocrx_word' id='word_1_221' title='bbox 233 3198 308 3283; x_wconf 90' lang='lat' dir='ltr'><strong>jure</strong></span> <span class='ocrx_word' id='word_1_222' title='bbox 331 3222 350 3262; x_wconf 90' lang='lat' dir='ltr'><strong>a</strong></span> <span class='ocrx_word' id='word_1_223' title='bbox 373 3199 427 3263; x_wconf 88' lang='lat' dir='ltr'><strong>Me</strong></span> <span class='ocrx_word' id='word_1_224' title='bbox 451 3200 629 3263; x_wconf 86' lang='lat' dir='ltr'><strong>desiderari</strong></span> <span class='ocrx_word' id='word_1_225' title='bbox 653 3221 747 3285; x_wconf 87' lang='lat' dir='ltr'><strong>posse</strong></span> <span class='ocrx_word' id='word_1_226' title='bbox 778 3221 830 3261; x_wconf 89' lang='lat' dir='ltr'><strong>res</strong></span> <span class='ocrx_word' id='word_1_227' title='bbox 861 3198 933 3284; x_wconf 92' lang='lat' dir='ltr'><strong>ipsa</strong></span> <span class='ocrx_word' id='word_1_228' title='bbox 961 3198 1112 3285; x_wconf 90' lang='lat' dir='ltr'><strong>loquitur.</strong></span> <span class='ocrx_word' id='word_1_229' title='bbox 1159 3197 1321 3284; x_wconf 81' lang='lat' dir='ltr'><strong>Conqueri</strong></span> <span class='ocrx_word' id='word_1_230' title='bbox 1351 3218 1416 3283; x_wconf 80' lang='lat' dir='ltr'><strong>pro</strong></span> 
     </span>
     <span class='ocr_line' id='line_1_29' title="bbox 237 3299 1417 3389; baseline 0 -26"><span class='ocrx_word' id='word_1_231' title='bbox 237 3299 322 3366; x_wconf 90' lang='lat' dir='ltr'><strong>fecto</strong></span> <span class='ocrx_word' id='word_1_232' title='bbox 346 3305 386 3366; x_wconf 89' lang='lat' dir='ltr'><strong>de</strong></span> <span class='ocrx_word' id='word_1_233' title='bbox 409 3312 475 3366; x_wconf 90' lang='lat' dir='ltr'><strong>tam</strong></span> <span class='ocrx_word' id='word_1_234' title='bbox 499 3306 603 3389; x_wconf 71' lang='lat' dir='ltr'><strong>aequa</strong></span> <span class='ocrx_word' id='word_1_235' title='bbox 625 3302 843 3367; x_wconf 90' lang='lat' dir='ltr'><strong>declaratione</strong></span> <span class='ocrx_word' id='word_1_236' title='bbox 867 3325 960 3367; x_wconf 90' lang='lat' dir='ltr'><strong>nemo</strong></span> <span class='ocrx_word' id='word_1_237' title='bbox 983 3302 1065 3366; x_wconf 88' lang='lat' dir='ltr'><strong>alius</strong></span> <span class='ocrx_word' id='word_1_238' title='bbox 1088 3312 1207 3389; x_wconf 87' lang='lat' dir='ltr'><strong>potest,</strong></span> <span class='ocrx_word' id='word_1_239' title='bbox 1239 3324 1336 3388; x_wconf 89' lang='lat' dir='ltr'><strong>quam</strong></span> <span class='ocrx_word' id='word_1_240' title='bbox 1365 3301 1417 3387; x_wconf 88' lang='lat' dir='ltr'><strong>qui</strong></span> 
     </span>
     <span class='ocr_line' id='line_1_30' title="bbox 238 3406 1417 3493; baseline 0 -24"><span class='ocrx_word' id='word_1_241' title='bbox 238 3408 396 3492; x_wconf 89' lang='lat' dir='ltr'><strong>promissa</strong></span> <span class='ocrx_word' id='word_1_242' title='bbox 411 3406 507 3472; x_wconf 88' lang='lat' dir='ltr'><strong>facile</strong></span> <span class='ocrx_word' id='word_1_243' title='bbox 522 3408 654 3491; x_wconf 88' lang='lat' dir='ltr'><strong>violare,</strong></span> <span class='ocrx_word' id='word_1_244' title='bbox 679 3418 735 3471; x_wconf 90' lang='lat' dir='ltr'><strong>aut</strong></span> <span class='ocrx_word' id='word_1_245' title='bbox 753 3408 829 3493; x_wconf 88' lang='lat' dir='ltr'><strong>jura</strong></span> <span class='ocrx_word' id='word_1_246' title='bbox 852 3407 938 3493; x_wconf 88' lang='lat' dir='ltr'><strong>tertij</strong></span> <span class='ocrx_word' id='word_1_247' title='bbox 961 3417 1082 3471; x_wconf 89' lang='lat' dir='ltr'><strong>temere</strong></span> <span class='ocrx_word' id='word_1_248' title='bbox 1104 3406 1282 3490; x_wconf 87' lang='lat' dir='ltr'><strong>infringere</strong></span> <span class='ocrx_word' id='word_1_249' title='bbox 1298 3406 1417 3469; x_wconf 92' lang='lat' dir='ltr'><strong>licitum</strong></span> 
     </span>
     <span class='ocr_line' id='line_1_31' title="bbox 237 3510 1417 3599; baseline -0.002 -25"><span class='ocrx_word' id='word_1_250' title='bbox 237 3520 346 3596; x_wconf 82' lang='lat' dir='ltr'><strong>putat3</strong></span> <span class='ocrx_word' id='word_1_251' title='bbox 378 3534 416 3575; x_wconf 89' lang='lat' dir='ltr'><strong>ao</strong></span> <span class='ocrx_word' id='word_1_252' title='bbox 439 3511 556 3597; x_wconf 87' lang='lat' dir='ltr'><strong>hospes</strong></span> <span class='ocrx_word' id='word_1_253' title='bbox 580 3511 631 3593; x_wconf 91' lang='lat' dir='ltr'><strong>sit,</strong></span> <span class='ocrx_word' id='word_1_254' title='bbox 655 3520 782 3599; x_wconf 90' lang='lat' dir='ltr'><strong>oportet</strong></span> <span class='ocrx_word' id='word_1_255' title='bbox 804 3512 837 3575; x_wconf 90' lang='lat' dir='ltr'><strong>in</strong></span> <span class='ocrx_word' id='word_1_256' title='bbox 860 3512 911 3596; x_wconf 89' lang='lat' dir='ltr'><strong>ijs,</strong></span> <span class='ocrx_word' id='word_1_257' title='bbox 943 3534 1025 3597; x_wconf 91' lang='lat' dir='ltr'><strong>quae</strong></span> <span class='ocrx_word' id='word_1_258' title='bbox 1048 3533 1121 3575; x_wconf 90' lang='lat' dir='ltr'><strong>cum</strong></span> <span class='ocrx_word' id='word_1_259' title='bbox 1144 3511 1248 3575; x_wconf 88' lang='lat' dir='ltr'><strong>foedus</strong></span> <span class='ocrx_word' id='word_1_260' title='bbox 1273 3510 1417 3591; x_wconf 76' lang='lat' dir='ltr'><strong>Quadru-</strong></span> 
     </span>
     <span class='ocr_line' id='line_1_32' title="bbox 238 3614 1418 3700; baseline 0 -23"><span class='ocrx_word' id='word_1_261' title='bbox 238 3614 314 3700; x_wconf 87' lang='lat' dir='ltr'><strong>plex</strong></span> <span class='ocrx_word' id='word_1_262' title='bbox 330 3615 584 3699; x_wconf 88' lang='lat' dir='ltr'><strong>concluderetur,</strong></span> <span class='ocrx_word' id='word_1_263' title='bbox 608 3625 680 3680; x_wconf 89' lang='lat' dir='ltr'><strong>acta</strong></span> <span class='ocrx_word' id='word_1_264' title='bbox 694 3616 771 3679; x_wconf 92' lang='lat' dir='ltr'><strong>hinc</strong></span> <span class='ocrx_word' id='word_1_265' title='bbox 786 3617 863 3679; x_wconf 91' lang='lat' dir='ltr'><strong>inde</strong></span> <span class='ocrx_word' id='word_1_266' title='bbox 879 3616 1018 3696; x_wconf 88' lang='lat' dir='ltr'><strong>fuerunt,</strong></span> <span class='ocrx_word' id='word_1_267' title='bbox 1043 3615 1070 3677; x_wconf 92' lang='lat' dir='ltr'><strong>si</strong></span> <span class='ocrx_word' id='word_1_268' title='bbox 1086 3615 1159 3700; x_wconf 92' lang='lat' dir='ltr'><strong>quis</strong></span> <span class='ocrx_word' id='word_1_269' title='bbox 1175 3616 1259 3678; x_wconf 90' lang='lat' dir='ltr'><strong>inter</strong></span> <span class='ocrx_word' id='word_1_270' title='bbox 1274 3615 1418 3699; x_wconf 84' lang='lat' dir='ltr'><strong>Hispana</strong></span> 
     </span>
     <span class='ocr_line' id='line_1_33' title="bbox 238 3718 1418 3805; baseline -0.001 -24"><span class='ocrx_word' id='word_1_271' title='bbox 238 3720 402 3804; x_wconf 88' lang='lat' dir='ltr'><strong>praesidia</strong></span> <span class='ocrx_word' id='word_1_272' title='bbox 424 3730 456 3785; x_wconf 91' lang='lat' dir='ltr'><strong>et</strong></span> <span class='ocrx_word' id='word_1_273' title='bbox 478 3720 627 3802; x_wconf 87' lang='lat' dir='ltr'><strong>militem,</strong></span> <span class='ocrx_word' id='word_1_274' title='bbox 660 3721 700 3784; x_wconf 91' lang='lat' dir='ltr'><strong>dc</strong></span> <span class='ocrx_word' id='word_1_275' title='bbox 731 3721 849 3805; x_wconf 92' lang='lat' dir='ltr'><strong>quoin</strong></span> <span class='ocrx_word' id='word_1_276' title='bbox 874 3742 949 3784; x_wconf 87' lang='lat' dir='ltr'><strong>mox</strong></span> <span class='ocrx_word' id='word_1_277' title='bbox 973 3720 1059 3783; x_wconf 90' lang='lat' dir='ltr'><strong>dicto</strong></span> <span class='ocrx_word' id='word_1_278' title='bbox 1082 3718 1204 3782; x_wconf 81' lang='lat' dir='ltr'><strong>foedere</strong></span> <span class='ocrx_word' id='word_1_279' title='bbox 1226 3725 1418 3782; x_wconf 88' lang='lat' dir='ltr'><strong>convenerat</strong></span> 
     </span>
     <span class='ocr_line' id='line_1_34' title="bbox 237 3821 1418 3889; baseline 0.001 -4"><span class='ocrx_word' id='word_1_280' title='bbox 237 3821 358 3887; x_wconf 91' lang='lat' dir='ltr'><strong>nullum</strong></span> <span class='ocrx_word' id='word_1_281' title='bbox 397 3825 460 3887; x_wconf 94' lang='lat' dir='ltr'><strong>nisi</strong></span> <span class='ocrx_word' id='word_1_282' title='bbox 497 3825 636 3889; x_wconf 87' lang='lat' dir='ltr'><strong>nominis</strong></span> <span class='ocrx_word' id='word_1_283' title='bbox 672 3824 845 3887; x_wconf 88' lang='lat' dir='ltr'><strong>discrimen</strong></span> <span class='ocrx_word' id='word_1_284' title='bbox 880 3823 1080 3886; x_wconf 90' lang='lat' dir='ltr'><strong>intercedere</strong></span> <span class='ocrx_word' id='word_1_285' title='bbox 1114 3822 1306 3887; x_wconf 86' lang='lat' dir='ltr'><strong>arbitretur:</strong></span> <span class='ocrx_word' id='word_1_286' title='bbox 1340 3821 1418 3886; x_wconf 69' lang='lat' dir='ltr'><strong>(blm</strong></span> 
     </span>
     <span class='ocr_line' id='line_1_35' title="bbox 238 3924 1416 4014; baseline -0.002 -24"><span class='ocrx_word' id='word_1_287' title='bbox 238 3937 358 4013; x_wconf 88' lang='lat' dir='ltr'><strong>quanta</strong></span> <span class='ocrx_word' id='word_1_288' title='bbox 381 3929 464 3992; x_wconf 86' lang='lat' dir='ltr'><strong>inter</strong></span> <span class='ocrx_word' id='word_1_289' title='bbox 487 3937 658 4014; x_wconf 89' lang='lat' dir='ltr'><strong>utrumque</strong></span> <span class='ocrx_word' id='word_1_290' title='bbox 682 3925 855 4013; x_wconf 88' lang='lat' dir='ltr'><strong>disparitas</strong></span> <span class='ocrx_word' id='word_1_291' title='bbox 885 3928 1026 4010; x_wconf 88' lang='lat' dir='ltr'><strong>intersit,</strong></span> <span class='ocrx_word' id='word_1_292' title='bbox 1057 3925 1110 3990; x_wconf 87' lang='lat' dir='ltr'><strong>rel</strong></span> <span class='ocrx_word' id='word_1_293' title='bbox 1141 3928 1217 3990; x_wconf 87' lang='lat' dir='ltr'><strong>inde</strong></span> <span class='ocrx_word' id='word_1_294' title='bbox 1247 3927 1325 3990; x_wconf 91' lang='lat' dir='ltr'><strong>satis</strong></span> <span class='ocrx_word' id='word_1_295' title='bbox 1355 3924 1416 3989; x_wconf 91' lang='lat' dir='ltr'><strong>elu-</strong></span> 
     </span>
     <span class='ocr_line' id='line_1_36' title="bbox 237 4029 1416 4119; baseline -0.005 -22"><span class='ocrx_word' id='word_1_296' title='bbox 237 4041 361 4117; x_wconf 89' lang='lat' dir='ltr'><strong>cescat,</strong></span> <span class='ocrx_word' id='word_1_297' title='bbox 399 4032 484 4119; x_wconf 91' lang='lat' dir='ltr'><strong>quod</strong></span> <span class='ocrx_word' id='word_1_298' title='bbox 518 4040 583 4096; x_wconf 90' lang='lat' dir='ltr'><strong>tam</strong></span> <span class='ocrx_word' id='word_1_299' title='bbox 618 4032 713 4095; x_wconf 85' lang='lat' dir='ltr'><strong>enixo</strong></span> <span class='ocrx_word' id='word_1_300' title='bbox 748 4039 865 4095; x_wconf 90' lang='lat' dir='ltr'><strong>conatu</strong></span> <span class='ocrx_word' id='word_1_301' title='bbox 898 4032 1045 4116; x_wconf 89' lang='lat' dir='ltr'><strong>Hispana</strong></span> <span class='ocrx_word' id='word_1_302' title='bbox 1074 4029 1159 4095; x_wconf 82' lang='lat' dir='ltr'><strong>Aula</strong></span> <span class='ocrx_word' id='word_1_303' title='bbox 1192 4030 1226 4093; x_wconf 93' lang='lat' dir='ltr'><strong>id</strong></span> <span class='ocrx_word' id='word_1_304' title='bbox 1259 4040 1346 4115; x_wconf 83' lang='lat' dir='ltr'><strong>agat,</strong></span> <span class='ocrx_word' id='word_1_305' title='bbox 1379 4050 1416 4091; x_wconf 89' lang='lat' dir='ltr'><strong>ne</strong></span> 
     </span>
     <span class='ocr_line' id='line_1_37' title="bbox 237 4134 1415 4222; baseline -0.004 -21"><span class='ocrx_word' id='word_1_306' title='bbox 237 4138 412 4219; x_wconf 90' lang='lat' dir='ltr'><strong>securitati,</strong></span> <span class='ocrx_word' id='word_1_307' title='bbox 437 4159 532 4222; x_wconf 89' lang='lat' dir='ltr'><strong>quam</strong></span> <span class='ocrx_word' id='word_1_308' title='bbox 555 4135 692 4201; x_wconf 88' lang='lat' dir='ltr'><strong>antehac</strong></span> <span class='ocrx_word' id='word_1_309' title='bbox 714 4137 797 4199; x_wconf 91' lang='lat' dir='ltr'><strong>inita</strong></span> <span class='ocrx_word' id='word_1_310' title='bbox 819 4135 941 4199; x_wconf 87' lang='lat' dir='ltr'><strong>foedere</strong></span> <span class='ocrx_word' id='word_1_311' title='bbox 963 4158 1001 4199; x_wconf 88' lang='lat' dir='ltr'><strong>ac</strong></span> <span class='ocrx_word' id='word_1_312' title='bbox 1018 4134 1257 4198; x_wconf 86' lang='lat' dir='ltr'><strong>Conventiones</strong></span> <span class='ocrx_word' id='word_1_313' title='bbox 1280 4134 1415 4219; x_wconf 79' lang='lat' dir='ltr'><strong>legitimo</strong></span> 
     </span>
     <span class='ocr_line' id='line_1_38' title="bbox 236 4239 1415 4327; baseline -0.004 -22"><span class='ocrx_word' id='word_1_314' title='bbox 236 4249 332 4327; x_wconf 89' lang='lat' dir='ltr'><strong>atque</strong></span> <span class='ocrx_word' id='word_1_315' title='bbox 356 4242 435 4307; x_wconf 86' lang='lat' dir='ltr'><strong>adeo</strong></span> <span class='ocrx_word' id='word_1_316' title='bbox 458 4242 567 4305; x_wconf 87' lang='lat' dir='ltr'><strong>valido</strong></span> <span class='ocrx_word' id='word_1_317' title='bbox 590 4240 698 4305; x_wconf 84' lang='lat' dir='ltr'><strong>Titulo</strong></span> <span class='ocrx_word' id='word_1_318' title='bbox 715 4240 836 4325; x_wconf 84' lang='lat' dir='ltr'><strong>Regiae</strong></span> <span class='ocrx_word' id='word_1_319' title='bbox 860 4239 970 4304; x_wconf 82' lang='lat' dir='ltr'><strong>Soboli</strong></span> <span class='ocrx_word' id='word_1_320' title='bbox 992 4239 1191 4325; x_wconf 84' lang='lat' dir='ltr'><strong>adjudicant,</strong></span> <span class='ocrx_word' id='word_1_321' title='bbox 1215 4240 1415 4324; x_wconf 89' lang='lat' dir='ltr'><strong>acquiescere</strong></span> 
     </span>
     <span class='ocr_line' id='line_1_39' title="bbox 236 4342 1415 4430; baseline -0.003 -21"><span class='ocrx_word' id='word_1_322' title='bbox 236 4345 354 4412; x_wconf 84' lang='lat' dir='ltr'><strong>habeat</strong></span> <span class='ocrx_word' id='word_1_323' title='bbox 376 4368 523 4428; x_wconf 89' lang='lat' dir='ltr'><strong>necesse,</strong></span> <span class='ocrx_word' id='word_1_324' title='bbox 552 4368 613 4409; x_wconf 91' lang='lat' dir='ltr'><strong>nec</strong></span> <span class='ocrx_word' id='word_1_325' title='bbox 632 4344 702 4430; x_wconf 85' lang='lat' dir='ltr'><strong>jam</strong></span> <span class='ocrx_word' id='word_1_326' title='bbox 726 4344 864 4430; x_wconf 84' lang='lat' dir='ltr'><strong>ampliirs</strong></span> <span class='ocrx_word' id='word_1_327' title='bbox 889 4343 1010 4409; x_wconf 90' lang='lat' dir='ltr'><strong>occulte</strong></span> <span class='ocrx_word' id='word_1_328' title='bbox 1033 4344 1090 4407; x_wconf 91' lang='lat' dir='ltr'><strong>sed</strong></span> <span class='ocrx_word' id='word_1_329' title='bbox 1114 4342 1220 4430; x_wconf 88' lang='lat' dir='ltr'><strong>palam</strong></span> <span class='ocrx_word' id='word_1_330' title='bbox 1243 4343 1415 4409; x_wconf 88' lang='lat' dir='ltr'><strong>haeredita-</strong></span> 
     </span>
     <span class='ocr_line' id='line_1_40' title="bbox 237 4448 1416 4537; baseline -0.006 -22"><span class='ocrx_word' id='word_1_331' title='bbox 237 4452 295 4537; x_wconf 91' lang='lat' dir='ltr'><strong>rijs</strong></span> <span class='ocrx_word' id='word_1_332' title='bbox 318 4452 400 4515; x_wconf 87' lang='lat' dir='ltr'><strong>Meis</strong></span> <span class='ocrx_word' id='word_1_333' title='bbox 422 4453 457 4516; x_wconf 92' lang='lat' dir='ltr'><strong>in</strong></span> <span class='ocrx_word' id='word_1_334' title='bbox 479 4450 575 4515; x_wconf 78' lang='lat' dir='ltr'><strong>Italia</strong></span> <span class='ocrx_word' id='word_1_335' title='bbox 597 4449 776 4514; x_wconf 89' lang='lat' dir='ltr'><strong>ditionibus</strong></span> <span class='ocrx_word' id='word_1_336' title='bbox 798 4449 910 4533; x_wconf 87' lang='lat' dir='ltr'><strong>inhiet,</strong></span> <span class='ocrx_word' id='word_1_337' title='bbox 934 4448 1050 4530; x_wconf 91' lang='lat' dir='ltr'><strong>colore,</strong></span> <span class='ocrx_word' id='word_1_338' title='bbox 1083 4448 1129 4511; x_wconf 91' lang='lat' dir='ltr'><strong>uti</strong></span> <span class='ocrx_word' id='word_1_339' title='bbox 1160 4449 1259 4513; x_wconf 89' lang='lat' dir='ltr'><strong>certis</strong></span> <span class='ocrx_word' id='word_1_340' title='bbox 1290 4448 1416 4532; x_wconf 92' lang='lat' dir='ltr'><strong>indicijs</strong></span> 
     </span>
     <span class='ocr_line' id='line_1_41' title="bbox 236 4554 1415 4643; baseline -0.003 -22"><span class='ocrx_word' id='word_1_341' title='bbox 236 4555 319 4621; x_wconf 87' lang='lat' dir='ltr'><strong>Mihi</strong></span> <span class='ocrx_word' id='word_1_342' title='bbox 342 4564 477 4640; x_wconf 88' lang='lat' dir='ltr'><strong>constat,</strong></span> <span class='ocrx_word' id='word_1_343' title='bbox 501 4556 587 4643; x_wconf 92' lang='lat' dir='ltr'><strong>apud</strong></span> <span class='ocrx_word' id='word_1_344' title='bbox 611 4554 785 4619; x_wconf 77' lang='lat' dir='ltr'><strong>foederatos</strong></span> <span class='ocrx_word' id='word_1_345' title='bbox 808 4554 891 4619; x_wconf 84' lang='lat' dir='ltr'><strong>Suos</strong></span> <span class='ocrx_word' id='word_1_346' title='bbox 914 4554 990 4618; x_wconf 91' lang='lat' dir='ltr'><strong>inde</strong></span> <span class='ocrx_word' id='word_1_347' title='bbox 1013 4554 1165 4640; x_wconf 88' lang='lat' dir='ltr'><strong>quaesito,</strong></span> <span class='ocrx_word' id='word_1_348' title='bbox 1190 4556 1277 4639; x_wconf 90' lang='lat' dir='ltr'><strong>quod</strong></span> <span class='ocrx_word' id='word_1_349' title='bbox 1298 4554 1415 4639; x_wconf 91' lang='lat' dir='ltr'><strong>impen-</strong></span> 
     </span>
    </p>
   </div>
   <div class='ocr_carea' id='block_1_5' title="bbox 0 0 1510 5125">
    <p class='ocr_par' dir='ltr' id='par_1_5' title="bbox 0 0 1510 5125">
     <span class='ocr_line' id='line_1_42' title="bbox 0 0 1510 5125; baseline 0 0"><span class='ocrx_word' id='word_1_350' title='bbox 0 0 1510 5125; x_wconf 95' lang='lat' dir='ltr'><strong> </strong></span> 
     </span>
    </p>
   </div>
  </div>
 </body>
</html>
